@PREAMBLE{ {\providecommand{\noopsort}[1]{}} }

@STRING{AAAI = {Proceedings of the National Conference on Artificial Intelligence (AAAI)}}

@STRING{AAW = {Reading, MA, USA}}

@STRING{ACMCOMPSURV = {ACM Computing Surveys}}

@STRING{ADBIS = {Advances in Databases and Information Systems (ADBIS)}}

@STRING{ADDR-MITPRESS = {Cambridge, MA, USA}}

@STRING{AI = {Artificial Intelligence}}

@STRING{AIMAG = {AI Magazine}}

@STRING{AMG = {New York, NY}}

@STRING{AMK = {San Francisco, CA, USA}}

@STRING{APH = {Englewood Cliffs, NJ, USA}}

@STRING{ASP = {Berlin -- Heidelberg -- New York}}

@STRING{AW = {Addison-Wesley}}

@STRING{BTW = {Proceedings of the Conference Datenbanksysteme in B\"uro, Technik und Wissenschaft (BTW)}}

@STRING{BTW2 = {Proceedings of the Conference Datenbanksysteme in Business, Technologie und Web Technik (BTW)}}

@STRING{CACM = {Communications of the ACM}}

@STRING{CAISE = {Proceedings of the Conference on Advanced Information Systems Engineering (CAiSE)}}

@STRING{CIDR = {Proceedings of the Conference on Innovative Data Systems Research (CIDR)}}

@STRING{CIKM = {Proceedings of the International Conference on Information and Knowledge Management (CIKM)}}

@STRING{COMAD = {Proceedings of the International Conference on Management of Data (COMAD)}}

@STRING{COOPIS = {Proceedings of the International Conference on Cooperative Information Systems (CoopIS)}}

@STRING{DASFAA = {Proceedings of the International Conference on Database Systems for Advanced Applications (DASFAA)}}

@STRING{DBISP2P = {Proceedings of the International Workshop on Databases, Information Systems and Peer-to-Peer Computing (DBISP2P)}}

@STRING{DBPL = {Proceedings of the International Workshop on Database Programming Languages}}

@STRING{DBSPEKTRUM = {Datenbank Spektrum}}

@STRING{DE = {IEEE Data Engineering Bulletin}}

@STRING{DEXA = {Proceedings of the International Conference on Database and Expert Systems Applications (DEXA)}}

@STRING{DILS = {Proceedings of the International Workshop on Data Integration for the Life Sciences (DILS)}}

@STRING{DKE = {Data and Knowledge Engineering (DKE)}}

@STRING{DOOD = {Proceedings of the International Conference on Deductive and Object-Oriented Databases (DOOD)}}

@STRING{DPUNKT = {dpunkt.verlag, Heidelberg}}

@STRING{DQCIS = {Proceedings of the International Workshop on Data Quality in Cooperative Information Systsems (DQCIS)}}

@STRING{EDBT = {Proceedings of the International Conference on Extending Database Technology (EDBT)}}

@STRING{EFIS = {Proceedings of the International Workshop on Engineering Federated Information Systems (EFIS)}}

@STRING{ER = {Proceedings of the International Conference on Conceptual Modeling (ER)}}

@STRING{FDBS = {Proceedings of the Workshop F\"oderierte Datenbanken (FDBS)}}

@STRING{FOCS = {Proceedings of the Symposium on Foundations of Computer Science}}

@STRING{FQAS = {Proceedings of the International Conference on Flexible Query Answering Systems (FQAS)}}

@STRING{ICDE = {Proceedings of the International Conference on Data Engineering (ICDE)}}

@STRING{ICDT = {Proceedings of the International Conference on Database Theory (ICDT)}}

@STRING{IDEAS = {Proceedings of the International Database Engineering and Applications Symposium (IDEAS)}}

@STRING{IIWEB = {Proceedings of the International Workshop on Information Integration on the Web (IIWeb)}}

@STRING{IJCAI = {Proceedings of the International Joint Conference on Artificial Intelligence (IJCAI)}}

@STRING{IQ = {Proceedings of the International Conference on Information Quality (IQ)}}

@STRING{IQIS = {Proceedings of the SIGMOD International Workshop on Information Quality for Information Systems (IQIS)}}

@STRING{IS = {Information Systems (IS)}}

@STRING{ISWC = {Proceedings of the International Semantic Web Conference (ISWC)}}

@STRING{JACM = {Journal of the ACM}}

@STRING{JDIGLIB = {Journal of Digital Libraries}}

@STRING{JMOLBIOL = {Journal of Molecular Biology}}

@STRING{KRDB = {Proceedings of the International Workshop on Knowledge Represenation Meets Databases (KRDB)}}

@STRING{MG = {McGraw-Hill, Inc.}}

@STRING{MIT = {MIT Press}}

@STRING{MK = {Morgan Kaufmann}}

@STRING{NTII = {Proceedings of the International Workshop on New Trends in Information Integration (NTII)}}

@STRING{PDIS = {Proceeding of the IEEE International Conference on Parallel and Distributed Information Systems(PDIS)}}

@STRING{PH = {Prentice-Hall}}

@STRING{PKDD = {European Conference on Principles of Data Mining and Knowledge Discovery (PKDD)}}

@STRING{PNAS = {Proceedings of the National Academy of Sciences (PNAS)}}

@STRING{PODS = {Proceedings of the Symposium on Principles of Database Systems (PODS)}}

@STRING{PVLDB = {Proceedings of the VLDB Endowment}}

@STRING{QDB = {Proceedings of the International Workshop on Quality in Databases (QDB)}}

@STRING{RIDE = {Proceedings of the International Workshop on Research Issues in Data Engineering (RIDE)}}

@STRING{SCIENCE = {Science}}

@STRING{SIAMJC = {SIAM Journal on Computing}}

@STRING{SIGKDD = {Proceedings of the International Conference on Knowledge discovery and data mining (SIGKDD)}}

@STRING{SIGMOD = {Proceedings of the International Conference on Management of Data (SIGMOD)}}

@STRING{SIGMODREC = {SIGMOD Record}}

@STRING{SP = {Springer Verlag}}

@STRING{SSDBM = {Proceedings of the International Conference on Scientific and Statistical Database Management (SSDBM)}}

@STRING{STOC = {Proceedings of the Symposium on Theory of Computing (STOC)}}

@STRING{TAGT = {Proceedings of the International Workshop on Theory and Application of Graph Transformations (TAGT)}}

@STRING{TKDD = {ACM Transactions on Knowledge Discovery from Data}}

@STRING{TKDE = {IEEE Transactions on Knowledge and Data Engineering (TKDE)}}

@STRING{TODS = {ACM Transactions on Database Systems (TODS)}}

@STRING{TOIS = {ACM Transactions on Information Systems}}

@STRING{VDB = {Proceedings of the International Conference on Visual Database Systems (VDB)}}

@STRING{VLDB = {Proceedings of the International Conference on Very Large Databases (VLDB)}}

@STRING{VLDBJ = {VLDB Journal}}

@STRING{WEBDB = {Proceedings of the ACM Workshop on the Web and Databases (WebDB)}}

@STRING{WISE = {Proceedings of the International Conference on Web Information Systems Engineering (WISE)}}

@STRING{WITS = {Proceedings of the Workshop on Information Technologies and Systems (WITS)}}

@STRING{WWW = {Proceedings of the International World Wide Web Conference (WWW)}}

@Book{bringhurst2002,
	title = {{T}he {E}lements of {T}ypographic {S}tyle},
	publisher = {Hartley \& Marks Publishers},
	year = {2013},
	author = {Robert Bringhurst},
	series = {Version 4.0: 20th Anniversary Edition},
	address = {Point Roberts, WA, USA}
}

@book{ullman1990principles,
	author = {Ullman, Jeffrey D.},
	title = {Principles of Database and Knowledge-Base Systems: Volume II: The New Technologies},
	year = {1990},
	isbn = {071678162X},
	publisher = {W. H. Freeman \& Co.},
	address = {New York, NY, USA},
}

@book{bellahsene2011schema,
	author = {Bellahsene, Zohra and Bonifati, Angela and Rahm, Erhard},
	title = {Schema Matching and Mapping},
	year = {2011},
	isbn = {978-3-642-16517-7},
	edition = {1},
	publisher = {Springer, Heidelberg}
}

@book{edjlali2016magic,
	author = {Edjlali, Roxane and Beyer, Mark A.},
	title = {Magic Quadrant for Data Warehouse and Data Management Solutions for Analytics},
	year = {2016},
	isbn = {G00275472},
	edition = {1},
	publisher = {Gartner, Stamford, USA}
} 

@book{date2012database,
	author = {C. J. Date},
	title = {Database Design \& Relational Theory},
	year = {2012},
	isbn = {978-1-4493-2801-6},
	publisher = {O'Reilly Media}
}

@book{abiteboul1995foundations,
	title = {Foundations of Databases: The Logical Level},
	editor = {Abiteboul, Serge and Hull, Richard and Vianu, Victor},
	year = {1995},
	isbn = {0201537710},
	edition = {1},
	publisher = {Addison-Wesley Longman Publishing Co.}
} 

@book{garcia_molina2008database,
	author = {Garcia-Molina, Hector and Ullman, Jeffrey D. and Widom, Jennifer},
	title = {Database Systems: The Complete Book},
	year = {2008},
	isbn = {9780131873254},
	edition = {2},
	publisher = {Prentice Hall Press},
	address = {Upper Saddle River, NJ, USA}
}

@book{doan2012principles,
	title = {Principles of data integration},
	author = {Doan, AnHai and Halevy, Alon and Ives, Zachary},
	year = {2012},
	publisher = {Elsevier}
}

@book{birkhoff1940lattice,
	author = {Birkhoff, G.},
	title = {Lattice Theory},
	year = {1940},
	isbn = {9780821810255},
	edition = {1},
	publisher = {American Mathematical Society},
	address = {Charles Street, Providence, RI, USA}
}

@book{abedjan2018data,
	author = {Abedjan, Ziawasch and Golab, Lukasz and Naumann, Felix and Papenbrock, Thorsten},
	title = {Data Profiling: Synthesis Lectures on Data Management},
	year = {2018},
	url = {https://doi.org/10.2200/S00878ED1V01Y201810DTM052},
	edition = {1},
	publisher = {Morgan {\&} Claypool Publishers},
	keywords={own}
}

@book{bertossi2011database,
	author = {Bertossi, Leopoldo E.},
	title = {Database Repairing and Consistent Query Answering},
	year = {2011},
	url = {http://dx.doi.org/10.2200/S00379ED1V01Y201108DTM020},
	publisher = {Morgan {\&} Claypool Publishers}
}

@book{loshin2010master,
	author = {Loshin, D.},
	title = {Master Data Management},
	year = {2010},
	isbn = {9780080921211},
	edition = {1},
	publisher = {Elsevier Science}
}

@book{elmasri2016fundamentals,
	author = {Elmasri, Ramez and Navathe, Shamkant B.},
	title = {Fundamentals of Database Systems},
	year = {2016},
	isbn = {0-13-397077},
	edition = {7},
	publisher = {Pearson}
}

@book{Devlin1979fundamentals,
	author = {Devlin, Keith J.},
	title = {Fundamentals of contemporary set theory},
	year = {1979},
	isbn = {0-387-90441-7},
	edition = {1},
	publisher = {Springer, Heidelberg}
}

@book{crawley1973algebraic,
	author = {P. Crawley and R. P. Dilworth},
	title = {Algebraic Theory of Lattices},
	year = {1973},
	edition = {1},
	publisher = {Prentice-Hall, Englewood Cliffs}
}

@book{liu2009encyclopedia,
	author = {Liu, Ling and Zsu, M. Tamer},
	title = {Encyclopedia of Database Systems},
	year = {2009},
	isbn = {0387355448, 9780387355443},
	edition = {1},
	publisher = {Springer, Heidelberg}
}

@book{downey1999parameterized,
	author = {Downey, Rodney G. and Fellows, M. R. },
	title = {Parameterized Complexity},
	year = {1999},
	isbn = {978-1-4612-0515-9},
	edition = {1},
	publisher = {Springer, Heidelberg}
}

@inbook{andersson1994extracting,
	author = {Andersson, Martin},
	title = {Extracting an entity relationship schema from a relational database through reverse engineering},
	bookTitle = {Entity-Relationship Approach --- ER '94},
	year = {1994},
	publisher = {Springer, Heidelberg},
	pages = {403--419},
	isbn = {978-3-540-49100-2}
}

@inbook{wang2003maintenance,
	author = {Wang, Shyue-Liang and Tsou, Wen-Chieh and Lin, Jiann-Horng and Hong, Tzung-Pei},
	title = {Maintenance of Discovered Functional Dependencies: Incremental Deletion},
	bookTitle = {Intelligent Systems Design and Applications},
	year = {2003},
	publisher = {Springer, Heidelberg},
	pages = {579--588},
	isbn = {978-3-540-44999-7}
}

@inbook{mancas2016perspectives,
	author = {Christian Mancas},
	title = {Perspectives in Business Informatics Research},
	chapter = {Algorithms for Database Keys Discovery Assistance},
	pages = {322--338},
	publisher = {Springer},
	year = {2016}
}

@inbook{ullman1997information,
	author = {Ullman, Jeffrey D.},
	title = {Information integration using logical views},
	bookTitle = {Database Theory --- ICDT '97},
	year = {1997},
	publisher = {Springer, Heidelberg},
	pages = {19--40},
	isbn = {978-3-540-49682-3}
}

@inbook{nayak2006xmine,
	author = {Nayak, Richi and Iryadi, Wina},
	title = {XMine: A Methodology for Mining XML Structure},
	bookTitle = {Frontiers of WWW Research and Development --- APWeb 2006},
	publisher = {Springer, Heidelberg},
	year = {2006},
	pages = {786--792},
	isbn = {978-3-540-32437-9}
}

@incollection{johnson2009data,
	author = {Theodore Johnson},
	title = {Data Profiling},
	editor = {Liu, Ling and Zsu, M. Tamer},
	booktitle = {Encyclopedia of Database Systems},
	publisher = {Springer, Heidelberg},
	year = {2009}
}

@phdthesis{le2014on,
	author = {Le, Van Tran Bao}, 
	title = {On the Discovery of Semantically Meaningful SQL Constraints from Armstrong Samples: Foundations, Implementation, and Evaluation},
	school = {Victoria University of Wellington},
	address = {6140 Wellington, New Zealand},
	year = {2014}
}

@mastersthesis{mascher2013discovering,
	author = {Andrina Mascher},
	title = {Discovering Matching Dependencies},
	school = {Hasso-Plattner-Institute},
	address = {Prof.-Dr.-Helmert-Str. 2-3, D-14482 Potsdam},
	year = {2013}
}

@mastersthesis{ehrlich2014discovery,
	author = {Jens Ehrlich},
	title = {Discovery of Conditional Unique Column Combination},
	school = {Hasso-Plattner-Institute},
	address = {Prof.-Dr.-Helmert-Str. 2-3, D-14482 Potsdam},
	year = {2014}
}

@mastersthesis{draeger2016multivalued,
	author = {Tim Draeger},
	title = {Multivalued Dependency Detection},
	school = {Hasso-Plattner-Institute},
	address = {Prof.-Dr.-Helmert-Str. 2-3, D-14482 Potsdam},
	year = {2016}
}

@mastersthesis{neubert2014interpreting,
	author = {Tommy Neubert and Daniel Roeder and Marie Schaeffer and Alexander Spivak and Thorsten Papenbrock and Felix Naumann},
	title = {Interpreting Data Profiling Results},
	school = {Hasso-Plattner-Institute},
	address = {Prof.-Dr.-Helmert-Str. 2-3, D-14482 Potsdam},
	year = {2014},
	keywords={own}
}

@mastersthesis{bleifuss2016efficient,
	author = {Tobias Bleifu{\ss}},
	title = {Efficient Denial Constraint Discovery},
	school = {Hasso-Plattner-Institute},
	address = {Prof.-Dr.-Helmert-Str. 2-3, D-14482 Potsdam},
	year = {2016}
}

@techreport{iso2016sql,
	type = {Standard},
	key = {ISO/IEC 9075-1:2008},
	year = {2016},
	title = {{Information technology -- Database languages -- SQL -- Part 1: Framework {(SQL/Framework)}}},
	volume = {2016},
	institution = {American National Standards Institute (ANSI)}
}

@techreport{wiederhold1979a,
	author = {Wiederhold, Gio and El-Masri, Remez},
	title = {A Structural Model for Database Systems},
	number = {STAN-CS-79-722},
	institution = {Department of Computer Science, Stanford University},
	year = {1979},
	pages = {62}
}

@techreport{davies1994p,
	author = {Scott Davies and Stuart Russell. },
	title = {P-completeness of searches for smallest possible feature sets},
	number = {FS-94-02},
	institution = {Computer Science Division, University of California},
	year = {1994},
	pages = {37--39}
}

@techreport{codd1969derivability,
	author = {E. F. Codd},
	title = {Derivability, Redundancy and Consistency of Relations Stored in Large Data Banks},
	number = {{RJ599}},
	institution = {{IBM}, San Jose, California},
	year = {1969}
}

@techreport{paulley2000exploiting,
	author = {Glenn Norman Paulley},
	title = {Exploiting Functional Dependence in Query Optimization},
	institution = {University of Waterloo},
	year = {2000}
}

@techreport{bell1995discovery,
	author = {Siegfried Bell and Peter Brockhausen},
	title = {Discovery of Data Dependencies in Relational Databases},
	institution = {Universit\"at Dortmund},
	year = {1995}
}

@techreport{judah2016magic,
	author = {Judah, Saul and Selvage, Mei Yang and Jain, Ankush},
	title = {Magic Quadrant for Data Quality Tools},
	number = {G00295681},
	institution = {Gartner},
	year = {2016},
	pages = {27}
}

@article{saiedian1996an,
	author = {Saiedian, Hossein and Spencer, Thomas},
	title = {An Efficient Algorithm to Compute the Candidate Keys of a Relational Database Schema},
	journal = {The Computer Journal},
	year = {1996},
	volume = {39},
	number = {2},
	pages = {124--132}
}

@article{carlson1982the,
	author = {Carlson, C. Robert and Arora, Adarsh K. and Carlson, Miroslava Milosavljevic},
	title = {The Application of Functional Dependency Theory to Relational Databases},
	journal = {The Computer Journal},
	volume = {25},
	number = {1},
	pages = {68--73},
	year = {1982}
}

@article{tschirschnitz2017detecting,
	author = {Tschirschnitz, Fabian and Papenbrock, Thorsten and Naumann, Felix},
	title = {Detecting Inclusion Dependencies on Very Many Tables},
	journal = TODS,
	volume = {1},
	number = {1},
	pages = {1--30},
	year = {2017},
	keywords={own}
}

@article{liu2020sampling,
	author = {Liu, Zhicheng and Zhang, Aoqian},
	journal = {IEEE Access},
	title = {Sampling for Big Data Profiling: A Survey},
	year = {2020},
	volume = {8},
	pages = {72713--72726}
}

@article{li2015discovering,
	author = {Li, Weibang and Li, Zhanhuai and Chen, Qun and Jiang, Tao and Liu, Hailong},
	title = {Discovering Functional Dependencies in Vertically Distributed Big Data},
	journal = WISE,
	pages = {199--207},
	year = {2015}
}

@article{naumann2014data,
	author = {Naumann, Felix},
	title = {Data Profiling Revisited},
	journal = SIGMODREC,
	volume = {42},
	number = {4},
	pages = {40--49},
	year = {2014}
}

@article{jixue2012discover,
	author = {Liu, Jixue and Li, Jiuyong and Liu, Chengfei and Chen, Yongfeng},
	title = {Discover Dependencies from Data - A Review},
	journal = TKDE,
	volume = {24},
	number = {2},
	pages = {251--264},
	year = {2012}
}

@article{meo1998an,
	author={Meo, Rosa and Psaila, Giuseppe and Ceri, Stefano},
	title={An extension to SQL for mining association rules},
	journal={Data Mining and Knowledge Discovery},
	volume={2},
	number={2},
	pages={195--224},
	year={1998}
}

@article{hernandez1998real,
	author = {Hern\'{a}ndez, Mauricio A. and Stolfo, Salvatore J.},
	title = {Real-world Data is Dirty: Data Cleansing and The Merge/Purge Problem},
	journal = {Data Mining and Knowledge Discovery},
	year = {1998},
	volume = {2},
	number = {1},
	pages = {9--37}
}

@article{chu2013discovering,
	author = {Chu, Xu and Ilyas, Ihab F. and Papotti, Paolo},
	title = {Discovering Denial Constraints},
	journal = PVLDB,
	year = {2013},
	volume = {6},
	number = {13},
	pages = {1498--1509}
}

@article{thalheim1992the,
	author = {Thalheim, B.},
	title = {The number of keys in relational and nested relational databases},
	journal = {Discrete Applied Mathematics},
	year = {1992},
	volume = {40},
	number = {2},
	pages = {265--282}
}

@article{beeri1984on,
	author = {Beeri, Catriel and Dowd, Martin and Fagin, Ronald and Statman, Richard},
	title = {On the Structure of Armstrong Relations for Functional Dependencies},
	journal = JACM,
	year = {1984},
	volume = {31},
	number = {1},
	pages = {30--46}
} 

@article{chen2006on,
	author = {Jianer Chen and Fenghui Zhang},
	title = {On product covering in 3-tier supply chain models: Natural complete problems for W[3] and W[4]},
	journal = {Theoretical Computer Science},
	year = {2006},
	volume = {363},
	number = {3},
	pages = {278--288}
}

@article{toman2008on,
	author = {Toman, David and Weddell, Grant},
	title = {On Keys and Functional Dependencies as First-Class Citizens in Description Logics},
	journal = {Journal of Automated Reasoning},
	year = {2008},
	volume = {40},
	number = {2},
	pages = {117--132}
}

@article{antlr4,
	author = {Parr, Terence},
	title = {The definitive ANTLR 4 reference},
	journal = {The Definitive ANTLR 4 Reference},
	pages = {1--326},
	year = {2013}
}

@article{livshits2020approximate,
	author = {Ester Livshits and Alireza Heidari and Ihab F. Ilyas and Benny Kimelfeld},
	title = {Approximate Denial Constraints},
	journal = PVLDB,
	volume = {13},
	number = {10},
	pages = {1682--1695},
	year = {2020}
}

@article{caruccio2021discovering,
	author = {Loredana Caruccio and Vincenzo Deufemia and Felix Naumann and Giuseppe Polese},
	title = {Discovering Relaxed Functional Dependencies Based on Multi-Attribute Dominance},
	journal = TKDE,
	volume = {33},
	number = {9},
	pages = {3212--3228},
	year = {2021}
}

@article{golab2011efficient,
	author = {Lukasz Golab and Flip Korn and Divesh Srivastava},
	title = {Efficient and Effective Analysis of Data Quality using Pattern Tableaux},
	journal = {{IEEE} Data Engineering Bulletin},
	year = {2011},
	volume = {34},
	number = {3},
	pages = {26--33}
}

@article{wei2019discovery,
	author = {Ziheng Wei and Uwe Leck and Sebastian Link},
	title = {Discovery and Ranking of Embedded Uniqueness Constraints},
	journal = PVLDB,
	volume = {12},
	number = {13},
	pages = {2339--2352},
	year  = {2019}
}

@article{golab2008on,
	author = {Golab, Lukasz and Karloff, Howard and Korn, Flip and Srivastava, Divesh and Yu, Bei},
	title = {On Generating Near-optimal Tableaux for Conditional Functional Dependencies},
	journal = PVLDB,
	year = {2008},
	volume = {1},
	number = {1},
	pages = {376--390}
} 

@article{wei2021algorithms,
	author = {Ziheng Wei and Sven Hartmann and Sebastian Link},
	title = {Algorithms for the discovery of embedded functional dependencies},
	journal = VLDBJ,
	volume = {30},
	number = {6},
	pages = {1069--1093},
	year = {2021}
}

@article{saxena2019distributed,
	author = {Hemant Saxena and Lukasz Golab and Ihab F. Ilyas},
	title = {Distributed Implementations of Dependency Discovery Algorithms},
	journal = PVLDB,
	volume = {12},
	number = {11},
	pages = {1624--1636},
	year = {2019}
}

@article{birnick2020hitting,
	author = {Birnick, Johann and Bl\"{a}sius, Thomas and Friedrich, Tobias and Naumann, Felix and Papenbrock, Thorsten and Schirneck, Martin},
	title = {Hitting Set Enumeration with Partial Information for Unique Column Combination Discovery},
	journal = PVLDB,
	year = {2020},
	volume = {13},
	number = {12},
	pages = {2270-–2283},
	keywords={own}
}

@article{kivinen1995approximate,
	author = {Jyrki Kivinen and Heikki Mannila},
	title = {Approximate inference of functional dependencies from relations},
	journal = {Theoretical Computer Science},
	year = {1995},
	volume = {149},
	number = {1},
	pages = {129--149}
}

@article{cormode2012synopses,
	author = {Cormode, Graham and Garofalakis, Minos and Haas, Peter J. and Jermaine, Chris},
	title = {Synopses for Massive Data: Samples, Histograms, Wavelets, Sketches},
	journal = {Foundations and Trends in Databases},
	year = {2012},
	volume = {4},
	number = {1\&\#8211;3},
	pages = {1--294}
}

@article{koumarelas2020mdedup,
	author = {Koumarelas, loannis and Papenbrock, Thorsten and Naumann, Felix},
	title = {MDedup: Duplicate Detection with Matching Dependencies},
	publisher = PVLDB,
	year = {2020},
	volume = {13},
	number = {5},
	pages = {712--725},
	keywords={own}
}

@article{caruccio2016relaxed,
	author = {Loredana Caruccio and Vincenzo Deufemia and Giuseppe Polese},
	title = {Relaxed Functional Dependencies - {A} Survey of Approaches},
	journal = TKDE,
	year = {2016},
	volume = {28},
	number = {1},
	pages = {147--165}
}

@article{armstrong1974dependency,
	author = {Armstrong, W. W.},
	title = {Dependency structures of database relationships},
	journal = {Information Processing},
	year = {1974},
	volume = {74},
	number = {1},
	pages = {580--583}
}

@article{zhang2010on,
	author = {Zhang, Meihui and Hadjieleftheriou, Marios and Ooi, Beng Chin and Procopiuc, Cecilia M. and Srivastava, Divesh},
	title = {On Multi-column Foreign Key Discovery},
	journal = PVLDB,
	year = {2010},
	volume = {3},
	number = {1-2},
	pages = {805--814}
} 

@article{codd1971further,
	author = {E. F. Codd},
	title = {Further Normalization of the Data Base Relational Model},
	journal = {IBM Research Report, San Jose, California},
	volume = {RJ909},
	year = {1971}
}

@article{data2022kossmann,
	title = {Data dependencies for query optimization: a survey},
	author = {Kossmann, Jan and Papenbrock, Thorsten and Naumann, Felix},
	journal = {The VLDB Journal},
	volume = {31},
	number = {1},
	pages = {1--22},
	year = {2022},
	keywords={own}
}

@article{lucchesi1978candidate,
	author = {Claudio L. Lucchesi and Sylvia L. Osborn},
	title = {Candidate keys for relations},
	journal = {Journal of Computer and System Sciences},
	year = {1978},
	volume = {17},
	number = {2},
	pages = {270--279}
}

@article{cosmadakis1986partition,
	author = {Stavros S. Cosmadakis and Paris C. Kanellakis and Nicolas Spyratos},
	title = {Partition semantics for relations},
	journal = {Journal of Computer and System Sciences},
	year = {1986},
	volume = {33},
	number = {2},
	pages = {203--233}
}

@article{marchi2009unary,
	author = {Marchi, Fabien De and Lopes, St{\'e}phane and Petit, Jean-Marc},
	title = {Unary and n-ary inclusion dependency discovery in relational databases},
	journal = {Journal of Intelligent Information Systems},
	volume = 32,
	year = 2009,
	pages = {53-73}
}

@article{abedjan2015profiling,
	author = {Abedjan, Ziawasch and Golab, Lukasz and Naumann, Felix},
	title = {Profiling Relational Data: A Survey},
	journal = VLDBJ,
	year = {2015},
	volume = {24},
	number = {4},
	pages = {557--581}
} 

@article{chen1976the,
	author = {Chen, Peter Pin-Shan},
	title = {The Entity-relationship Model -- Toward a Unified View of Data},
	journal = TODS,
	year = {1976},
	volume = {1},
	number = {1},
	pages = {9--36}
} 

@article{uniform2011fan,
	author = {Fan, Wenfei and Geerts, Floris},
	title = {Uniform Dependency Language for Improving Data Quality.},
	journal = DE,
	year = {2011},
	volume = {34},
	number = {3},
	pages = {34--42}
}

@article{beeri1979computational,
	author = {Beeri, Catriel and Bernstein, Philip A.},
	title = {Computational Problems Related to the Design of Normal Form Relational Schemas},
	journal = TODS,
	volume = {4},
	number = {1},
	pages = {30--59},
	year = {1979}
}

@article{berger2011the,
	author = {Berger, Arno and Hill, Theodore P.},
	title = {A basic theory of Benford’s Law},
	journal = {Probability Surveys},
	year = {2011},
	volume = {8},
	number = {1},
	pages = {1--126}
}

@article{ginsburg1983order,
	author = {Ginsburg, Seymour and Hull, Richard},
	title = {Order dependency in the relational model},
	journal = {Theoretical Computer Science},
	year = {1983},
	volume = {26},
	number = {1–2},
	pages = {149--195}
}

@article{kantola1992discovering,
	author = {Kantola, Martti and Mannila, Heikki and Kari-Jouko, R. and Siirtola, Harri},
	title = {Discovering functional and inclusion dependencies in relational databases},
	journal = {International Journal of Intelligent Systems},
	year = {1992},
	volume = {7},
	number = {7},
	pages = {591--607}
}

@article{heise2013scalable,
	author = {Heise, Arvid and Quiané-Ruiz, Jorge-Arnulfo and Abedjan, Ziawasch and Jentzsch, Anja and Naumann, Felix},
	title = {Scalable Discovery of Unique Column Combinations.},
	journal = PVLDB,
	year = 2013,
	volume = 7,
	number = 4,
	pages = {301--312}
}

@article{szlichta2013expressiveness,
	author = {Szlichta, Jaroslaw and Godfrey, Parke and Gryz, Jarek and Zuzarte, Calisto},
	title = {Expressiveness and Complexity of Order Dependencies},
	journal = PVLDB,
	year = {2013},
	volume = {6},
	number = {14},
	pages = {1858--1869}
}

@article{langer2016efficient,
	author = {Langer, Philipp and Naumann, Felix},
	title = {Efficient Order Dependency Detection},
	journal = VLDBJ,
	year = {2016},
	volume = {25},
	number = {2},
	pages = {223--241}
}

@article{schmidl2022efficient,
	author = {Schmidl, Sebastian and Papenbrock, Thorsten},
	title = {Efficient Distributed Discovery of Bidirectional Order Dependencies},
	journal = VLDBJ,
	year = {2022},
	volume = {31},
	number = {1},
	pages = {49--74},
	keywords={own}
}

@article{schirmer2020efficient,
	author = {Schirmer, Philipp and Papenbrock, Thorsten and Koumarelas, Ioannis and Naumann, Felix},
	title = {Efficient Discovery of Matching Dependencies},
	year = {2020},
	volume = {45},
	number = {3},
	journal = TODS,
	pages = {1--33},
	keywords={own}
}

@article{szlichta2016effective,
	author = {Jaroslaw Szlichta and Parke Godfrey and Lukasz Golab and Mehdi Kargar and Divesh Srivastava},
	title = {Effective and Complete Discovery of Order Dependencies via Set-based Axiomatization},
	journal = PVLDB,
	year = {2017},
	volume = {},
	number = {},
	pages = {}
}

@article{fagin1977multivalued,
	author = {Fagin, Ronald},
	title = {Multivalued Dependencies and a New Normal Form for Relational Databases},
	journal = TODS,
	year = {1977},
	volume = {2},
	number = {3},
	pages = {262--278}
}

@article{bernstein1976synthesizing,
	author = {Bernstein, Philip A.},
	title = {Synthesizing Third Normal Form Relations from Functional Dependencies},
	journal = TODS,
	volume = {1},
	number = {4},
	pages = {277--298},
	year = {1976}
}

@article{blockeel2012an,
	author = {Blockeel, Hendrik and Calders, Toon and Fromont, {\'E}lisa and Goethals, Bart and Prado, Adriana and Robardet, C{\'e}line},
	title = {An inductive database system based on virtual mining views},
	journal = {Data Mining and Knowledge Discovery},
	volume = {24},
	number = {1},
	pages = {247--287},
	year = {2012}
}

@article{diederich1988new,
	author = {Diederich, Jim and Milton, Jack},
	title = {New Methods and Fast Algorithms for Database Normalization},
	journal = TODS,
	volume = {13},
	number = {3},
	pages = {339--365},
	year = {1988}
}

@article{ceri1986normalization,
	author = {Ceri, S. and Gottlob, G.},
	title = {Normalization of Relations and Prolog},
	journal = CACM,
	volume = {29},
	number = {6},
	pages = {524--544},
	year = {1986}
}

@article{flach1999database,
	title = {Database dependency discovery: a machine learning approach},
	author = {Flach, Peter A and Savnik, Iztok},
	journal = {AI Communications},
	volume = {12},
	number = {3},
	pages = {139--160},
	year = {1999}
}

@article{codd1970a,
	title = {A Relational Model of Data for Large Shared Data Banks},
	author = {Codd, E. F.},
	journal = CACM,
	volume = {13},
	number = {6},
	pages = {377--387},
	year = {1970}
}

@article{rahm2001a,
	title = {A survey of approaches to automatic schema matching},
	author = {Rahm, Erhard and Bernstein, Philip A.},
	journal = PVLDB,
	year = {2001},
	volume = {10},
	number = {4},
	pages = {334--350}
}

@article{levene1999justification,
	title = {Justification for Inclusion Dependency Normal Form},
	author = {Mark Levene and Millist W. Vincent},
	journal = TKDE,
	volume = {12},
	year = {1999},
	pages = {2000}
}

@article{miller2001the,
	title = {The {Clio} Project: Managing Heterogeneity.},
	author = {Ren{\'{e}}e J. Miller and Mauricio A. Hern{\'{a}}ndez and Laura M. Haas and Ling{-}Ling Yan and C. T. Howard Ho and Ronald Fagin and Lucian Popa},
	journal = SIGMODREC,
	volume = {30},
	number = {1},
	pages = {78--83},
	year = {2001}
}

@article{gryz1999query,
	title = {Query rewriting using views in the presence of functional and inclusion dependencies},
	author = {Jarek Gryz},
	journal = IS,
	volume = {24},
	number = {7},
	pages = {597--612},
	year = {1999}
}

@article{buneman2003reasoning,
	title = {Reasoning about Keys for XML},
	author = {Buneman, Peter and Davidson, Susan and Fan, Wenfei and Hara, Carmem and Tan, Wang-Chiew},
	journal = IS,
	volume = {28},
	number = {8},
	pages = {1037--1063},
	year = {2003}
}

@article{golab2010data,
	title = {Data Auditor: Exploring Data Quality and Semantics Using Pattern Tableaux},
	author = {Golab, Lukasz and Karloff, Howard and Korn, Flip and Srivastava, Divesh},
	journal = PVLDB,
	volume = {3},
	number = {1-2},
	pages = {1641--1644},
	year = {2010}
} 

@article{fan2008conditional,
	title = {Conditional Functional Dependencies for Capturing Data Inconsistencies},
	author = {Fan, Wenfei and Geerts, Floris and Jia, Xibei and Kementsietsidis, Anastasios},
	journal = {ACM Transactions on Database Systems},
	volume = {33},
	number = {2},
	pages = {6:1--6:48},
	year = {2008}
} 

@article{gunopulos2003discovering,
	title = {Discovering All Most Specific Sentences},
	author = {Gunopulos, Dimitrios and Khardon, Roni and Mannila, Heikki and Saluja, Sanjeev and Toivonen, Hannu and Sharma, Ram Sewak},
	journal = TODS,
	volume = {28},
	number = {2},
	pages = {140--174},
	year = {2003}
}

@article{kang2008schema,
	title = {Schema Matching Using Interattribute Dependencies},
	author = {J. Kang and J. F. Naughton},
	journal = TKDE,
	volume = {20},
	number = {10},
	pages = {1393--1407},
	year = {2008}
}

@article{liu2012discover,
	author = {Jixue Liu and Jiuyong Li and Chengfei Liu and Yongfeng Chen},
	title = {Discover Dependencies from Data -- A Review},
	journal = TKDE,
	volume = {24},
	number = {2},
	pages = {251--264},
	year = {2012}
}

@article{diallo2012discovering,
	title = {Discovering (frequent) constant conditional functional dependencies},
	author = {Thierno Diallo and Noel Novelli and Jean{-}Marc Petit},
	journal = {International Journal of Data Mining, Modelling and Management (IJDMMM)},
	volume = {4},
	number = {3},
	pages = {205--223},
	year = {2012}
}

@article{fan2011discovering,
	title = {Discovering conditional functional dependencies},
	author = {Fan, Wenfei and Geerts, Floris and Li, Jianzhong and Xiong, Ming},
	journal = TKDE,
	volume = {23},
	number = {5},
	pages = {683--698},
	year = {2011}
}

@article{naumann2014ein,
	title = {Ein Datenbankkurs mit 6000 Teilnehmern - Erfahrungen auf der openHPI {MOOC} Plattform},
	author = {Felix Naumann and Maximilian Jenders and Thorsten Papenbrock},
	journal = {Informatik Spektrum},
	volume = {37},
	number = {4},
	pages = {333--340},
	year = {2014},
	keywords={own}
}

@article{huhtala1999tane,
	title = {{TANE}: An efficient algorithm for discovering functional and approximate dependencies},
	author = {Huhtala, Yk\"a and K\"arkk\"ainen, Juha and Porkka, Pasi and Toivonen, Hannu},
	journal = {The Computer Journal},
	volume = {42},
	number = {2},
	pages = {100--111},
	year = {1999}
}

@article{papenbrock2015progressive,
	title = {Progressive Duplicate Detection},
	author = {Thorsten Papenbrock and Arvid Heise and Felix Naumann},
	journal = TKDE,
	volume = {27},
	number = {5},
	pages = {1316--1329},
	year = {2015},
	keywords={own}
}

@article{papenbrock2015data,
	title = {Data Profiling with Metanome},
	author = {Papenbrock, Thorsten and Bergmann, Tanja and Finke, Moritz and Zwiener, Jakob and Naumann, Felix},
	journal = PVLDB,
	volume = {8},
	number = {12},
	pages = {1860--1863},
	year = {2015},
	keywords={own}
}

@article{zaniolo1984database,
	title = {Database relations with null values},
	author = {Carlo Zaniolo},
	journal = {Journal of Computer and System Sciences},
	volume = {28},
	number = {1},
	pages = {142--166},
	year = {1984}
}

@article{kohler2015possible,
	title = {Possible and Certain SQL Keys},
	author = {K\"{o}hler, Henning and Link, Sebastian and Zhou, Xiaofang},
	journal = PVLDB,
	volume = {8},
	number = {11},
	pages = {1118--1129},
	year = {2015}
} 

@article{atzeni1986functional,
	title = {Functional dependencies and constraints on null values in database relations},
	author = {Paolo Atzeni and Nicola M. Morfuni},
	journal = {Information and Control},
	volume = {70},
	number = {1},
	pages = {1--31},
	year = {1986}
}

@article{ilyas2015trends,
	author = {Ihab F. Ilyas and Xu Chu},
	title = {Trends in Cleaning Relational Data: Consistency and Deduplication},
	journal = {Foundations and Trends in Databases},
	year = {2015},
	volume = {5},
	number = {4},
	pages = {281--393},
}

@article{complexity2022blaesius,
	title = {The complexity of dependency detection and discovery in relational databases},
	author = {Bl{\"a}sius, Thomas and Friedrich, Tobias and Schirneck, Martin},
	journal = {Theoretical Computer Science},
	volume = {900},
	pages = {79--96},
	year = {2022}
}

@article{papenbrock2015functional,
	title = {Functional Dependency Discovery: An Experimental Evaluation of Seven Algorithms},
	author = {Papenbrock, Thorsten and Ehrlich, Jens and Marten, Jannik and Neubert, Tommy and Rudolph, Jan-Peer and Sch\"{o}nberg, Martin and Zwiener, Jakob and Naumann, Felix},
	journal = PVLDB,
	volume = {8},
	number = {10},
	pages = {1082--1093},
	year = {2015},
	keywords={own}
}

@article{papenbrock2015divide,
	title = {Divide \& Conquer-based Inclusion Dependency Discovery},
	author = {Papenbrock, Thorsten and Kruse, Sebastian and Quian{\'e}-Ruiz, Jorge-Arnulfo and Naumann, Felix},
	journal = PVLDB,
	volume = {8},
	number = {7},
	pages = {774--785},
	year = {2015},
	keywords={own}
} 

@article{rql2017chardin,
	title = {RQL: a query language for rule discovery in databases},
	author = {Chardin, Brice and Coquery, Emmanuel and Pailloux, Marie and Petit, Jean-Marc},
	journal = {Theoretical Computer Science},
	volume = {658},
	pages = {357--374},
	year = {2017}
}

@article{kruse2016data,
	title = {Data Anamnesis: Admitting Raw Data into an Organization},
	author = {Sebastian Kruse and Thorsten Papenbrock and Hazar Harmouch and Felix Naumann},
	journal = DE,
	volume = {39},
	number = {2},
	pages = {8--20},
	year = {2016},
	keywords={own}
}

@article{harmouch2017cardinality,
	author = {Hazar Harmouch and Felix Naumann},
	title = {Cardinality Estimation: An Experimental Survey},
	journal = PVLDB,
	volume = {11},
	number = {4},
	pages = {499--512},
	year = {2017}
}

@article{wang2017discovering,
	title = {Discovering conditional matching rules},
	author = {Wang, Yihan and Song, Shaoxu and Chen, Lei and Yu, Jeffrey Xu and Cheng, Hong},
	journal = TKDD,
	volume = {11},
	number = {4},
	pages = {1--38},
	year = {2017}
}

@article{pena2021fast,
	author = {Eduardo H. M. Pena and Eduardo Cunha de Almeida and Felix Naumann},
	title = {Fast Detection of Denial Constraint Violations},
	journal = PVLDB,
	volume = {15},
	number = {4},
	pages = {859--871},
	year = {2021}
}

@article{bleifuss2017efficient,
	author = {Tobias Bleifu{\ss} and Sebastian Kruse and Felix Naumann},
	title = {Efficient Denial Constraint Discovery with Hydra},
	journal = PVLDB,
	volume = {11},
	number = {3},
	pages = {311--323},
	year = {2017}
}

@inproceedings{harmouch2021relational,
	author = {Hazar Harmouch and Thorsten Papenbrock and Felix Naumann},
	title = {Relational Header Discovery using Similarity Search in a Table Corpus},
	booktitle = ICDE,
	pages = {444--455},
	year = {2021},
	keywords={own}
}

@inproceedings{caruccio2021efficient,
	title = {Efficient Discovery of Functional Dependencies from Incremental Databases},
	author = {Caruccio, Loredana and Cirillo, Stefano and Deufemia, Vincenzo and Polese, Giuseppe},
	booktitle = {International Conference on Information Integration and Web Intelligence},
	pages = {400--409},
	year = {2021}
}

@inproceedings{xiao2022dynamic,
	author = {Xiao, Renjie and Yuan, Yong'an and Tan, Zijing and Ma, Shuai and Wang, Wei},
	booktitle = ICDE, 
	title = {Dynamic Functional Dependency Discovery with Dynamic Hitting Set Enumeration}, 
	year = {2022},
	volume = {1},
	number = {1},
	pages = {286--298}
}

@inproceedings{papenbrock2017data,
	author = {Thorsten Papenbrock and Felix Naumann},
	title = {Data-driven Schema Normalization},
	booktitle = EDBT,
	pages = {342--353},
	year = {2017},
	keywords={own}
}

@inproceedings{papenbrock2017a,
	author = {Thorsten Papenbrock and Felix Naumann},
	title = {A Hybrid Approach for Efficient Unique Column Combination Discovery},
	booktitle = BTW,
	pages = {195--204},
	year = {2017},
	keywords={own}
}

@inproceedings{kruse2017fast,
	author = {Sebastian Kruse and Thorsten Papenbrock and Christian Dullweber and Moritz Finke and Manuel Hegner and Martin Zabel and Christian Zoellner and Felix Naumann},
	title = {Fast Approximate Discovery of Inclusion Dependencies},
	booktitle = BTW,
	pages = {207--226},
	year = {2017},
	keywords={own}
}

@inproceedings{bleifuss2016approximate,
	author = {Tobias Bleifu{\ss} and Susanne B{\"{u}}low and Johannes Frohnhofen and Julian Risch and Georg Wiese and Sebastian Kruse and Thorsten Papenbrock and Felix Naumann},
	title = {Approximate Discovery of Functional Dependencies for Large Datasets},
	booktitle = CIKM,
	pages = {1803--1812},
	year = {2016},
	keywords={own}
}

@inproceedings{lakshmanan1996schemasql,
	author = {Lakshmanan, Laks V. S. and Sadri, Fereidoon and Subramanian, Iyer N.},
	title = {SchemaSQL - A Language for Interoperability in Relational Multi-Database Systems},
	booktitle = PVLDB,
	pages = {239--250},
	year = {1996}
}

@inproceedings{bravo2007extending,
	author = {Bravo, Loreto and Fan, Wenfei and Ma, Shuai},
	title = {Extending Dependencies with Conditions},
	booktitle = VLDB,
	pages = {243--254},
	year = {2007}
} 

@inproceedings{ehrlich2016holistic,
	author = {Jens Ehrlich and Mandy Roick and Lukas Schulze and Jakob Zwiener and Thorsten Papenbrock and Felix Naumann},
	title = {Holistic Data Profiling: Simultaneous Discovery of Various Metadata},
	booktitle = EDBT,
	pages = {305--316},
	year = {2016},
	keywords={own}
}

@inproceedings{meo1996a,
	title = {A new SQL-like operator for mining association rules},
	author = {Meo, Rosa and Psaila, Giuseppe and Ceri, Stefano and others},
	booktitle = VLDB,
	volume = {96},
	pages = {122--133},
	year = {1996}
}

@inproceedings{hannula2018interaction,
	title = {On the interaction of functional and inclusion dependencies with independence atoms},
	author = {Hannula, Miika and Link, Sebastian},
	booktitle = {International Conference on Database Systems for Advanced Applications},
	pages = {353--369},
	year = {2018}
}

@inproceedings{papenbrock2016a,
	author = {Papenbrock, Thorsten and Naumann, Felix},
	title = {A Hybrid Approach to Functional Dependency Discovery},
	booktitle = SIGMOD,
	pages = {821--833},
	year = {2016},
	keywords={own}
} 

@inproceedings{kruse2016rdfind,
	author = {Kruse, Sebastian and Jentzsch, Anja and Papenbrock, Thorsten and Kaoudi, Zoi and Quian{\'e}-Ruiz, Jorge-Arnulfo and Naumann, Felix},
	title = {RDFind: Scalable Conditional Inclusion Dependency Discovery in RDF Datasets},
	booktitle = SIGMOD,
	pages = {953--967},
	year = {2016},
	keywords={own}
} 

@inproceedings{kruse2015scaling,
	author = {Sebastian Kruse and Thorsten Papenbrock and Felix Naumann},
	title = {Scaling Out the Discovery of Inclusion Dependencies},
	booktitle = BTW,
	pages = {445--454},
	year = {2015},
	keywords={own}
}

@inproceedings{forchhammer2013duplicate,
	author = {Benedikt Forchhammer and Thorsten Papenbrock and Thomas Stening and Sven Viehmeier and Uwe Draisbach and Felix Naumann},
	title = {Duplicate Detection on GPUs},
	booktitle = BTW,
	pages = {165--184},
	year = {2013},
	keywords={own}
}

@inproceedings{duersch2019inclusion,
	author = {D\"{u}rsch, Falco and Stebner, Axel and Windheuser, Fabian and Fischer, Maxi and Friedrich, Tim and Strelow, Nils and Bleifu\ss{}, Tobias and Harmouch, Hazar and Jiang, Lan and Papenbrock, Thorsten and Naumann, Felix},
	title = {Inclusion Dependency Discovery: An Experimental Evaluation of Thirteen Algorithms},
	booktitle = CIKM,
	pages = {219–-228},
	year = {2019},
	keywords={own}
}

@inproceedings{lorey2011black,
	author = {Johannes Lorey and Felix Naumann and Benedikt Forchhammer and Andrina Mascher and Peter Retzlaff and Armin ZamaniFarahani and Soeren Discher and Cindy Faehnrich and Stefan Lemme and Thorsten Papenbrock and Robert Christoph Peschel and Stephan Richter and Thomas Stening and Sven Viehmeier},
	title = {Black swan: augmenting statistics with event data},
	booktitle = CIKM,
	pages = {2517--2520},
	year = {2011},
	keywords={own}
}

@inproceedings{metacrate2017kruse,
	author = {Kruse, Sebastian and Hahn, David and Walter, Marius and Naumann, Felix},
	title = {Metacrate: Organize and analyze millions of data profiles},
	booktitle = CIKM,
	pages = {2483--2486},
	year = {2017}
}

@inproceedings{abedjan2011advancing,
	author = {Abedjan, Ziawasch and Naumann, Felix},
	title = {Advancing the Discovery of Unique Column Combinations},
	booktitle = CIKM,
	pages = {1565--1570},
	year = {2011}
}

@inproceedings{wyss2001fasffds,
	author = {Wyss, Catharine and Giannella, Chris and Robertson, Edward},
	title = {{FastFDs}: A heuristic-driven, depth-first algorithm for mining functional dependencies from relation instances extended abstract},
	booktitle = {Proceedings of the International Conference of Data Warehousing and Knowledge Discovery (DaWaK)},
	pages = {101--110},
	year = {2001}
}

@inproceedings{kille2013plista,
	author = {Kille, Benjamin and Hopfgartner, Frank and Brodt, Torben and Heintz, Tobias},
	title = {The plista Dataset},
	booktitle = {Proceedings of the International Workshop and Challenge on News Recommender Systems},
	pages = {16--23},
	year = {2013}
}

@inproceedings{lopes2000efficient,
	author = {Lopes, St{\'e}phane and Petit, Jean-Marc and Lakhal, Lotfi},
	title = {Efficient discovery of functional dependencies and {Armstrong} relations},
	booktitle = EDBT,
	pages = {350--364},
	year = {2000}
}

@inproceedings{agrawal1994fast,
	author = {Rakesh Agrawal and Ramakrishnan Srikant},
	title = {Fast Algorithms for Mining Association Rules in Large Databases},
	booktitle = VLDB,
	pages = {487--499},
	year = {1994}
}

@inproceedings{shaabani2015scalable,
	author = {Nuhad Shaabani and Christoph Meinel},
	title = {Scalable Inclusion Dependency Discovery},
	booktitle = DASFAA,
	pages = {425--440},
	year = {2015}
}

@inproceedings{shaabani2016detecting,
	author = {Nuhad Shaabani and Christoph Meinel},
	title = {Detecting Maximum Inclusion Dependencies without Candidate Generation},
	booktitle = DEXA,
	pages = {118--133},
	year = {2016}
}

@inproceedings{visengeriyeva2018metadata,
	author = {Larysa Visengeriyeva and Ziawasch Abedjan},
	title = {Metadata-Driven Error Detection},
	year = {2018},
	booktitle = SSDBM
}

@inproceedings{abedjan2014dfd,
	author = {Ziawasch Abedjan and Patrick Schulze and Felix Naumann},
	title = {{DFD}: Efficient Functional Dependency Discovery},
	booktitle = CIKM,
	pages = {949--958},
	year = {2014}
}

@inproceedings{armbrust2021lakehouse,
	title = {Lakehouse: a new generation of open platforms that unify data warehousing and advanced analytics},
	author = {Armbrust, Michael and Ghodsi, Ali and Xin, Reynold and Zaharia, Matei},
	booktitle = CIDR,
	year = {2021}
}

@inproceedings{rostin2009a,
	author = {Rostin, Alexandra and Albrecht, Oliver and Bauckmann, Jana and Naumann, Felix and Leser, Ulf},
	title = {A Machine Learning Approach to Foreign Key Discovery},
	booktitle = WebDB,
	year = {2009}
}

@inproceedings{marchi2011clim,
	author = {Marchi, Fabien De},
	title = {{CLIM}: Closed Inclusion Dependency Mining in Databases.},
	booktitle = {ICDM Workshops},
	pages = {1098--1103},
	year = {2011}
}

@inproceedings{koeller2002discovery,
	author = {Andreas Koeller and E. A. Rundensteiner},
	title = {Discovery of High-Dimensional Inclusion Dependencies},
	booktitle = ICDE,
	year = {2002}
}

@inproceedings{kille2013the,
	author = {Kille, Benjamin and Hopfgartner, Frank and Brodt, Torben and Heintz, Tobias},
	title = {The {Plista} Dataset},
	booktitle = {NRS Workshops},
	pages = {16--23},
	year = {2013}
}

@inproceedings{workloaddriven2022kossmann,
	title = {Workload-driven, lazy discovery of data dependencies for query optimization},
	author = {Kossmann, Jan and Lindner, Daniel and Naumann, Felix and Papenbrock, Thorsten},
	booktitle = CIDR,
	year = {2022},
	keywords={own}
}

@inproceedings{bauckmann2006efficiently,
	author = {Bauckmann, Jana and Leser, Ulf and Naumann, Felix},
	title = {Efficiently Computing Inclusion Dependencies for Schema Discovery},
	booktitle = {ICDE Workshops},
	pages = {2},
	year = {2006}
}

@inproceedings{yao2002fdmine,
	author = {Yao, Hong and Hamilton, Howard J and Butz, Cory J},
	title = {{FD\_Mine}: discovering functional dependencies in a database using equivalences},
	booktitle = {Proceedings of the International Conference on Data Mining (ICDM)},
	pages = {729--732},
	year = {2002}
}

@inproceedings{novelli2001fun,
	author = {Novelli, No{\"e}l and Cicchetti, Rosine},
	title = {{FUN}: An efficient algorithm for mining functional and embedded dependencies},
	booktitle = ICDT,
	pages = {189--203},
	year = {2001}
}

@inproceedings{cormode2009estimating,
	author = {Cormode, Graham and Golab, Lukasz and Flip, Korn and McGregor, Andrew and Srivastava, Divesh and Zhang, Xi},
	title = {Estimating the Confidence of Conditional Functional Dependencies},
	booktitle = SIGMOD,
	pages = {469--482},
	year = {2009}
}

@inproceedings{garnaud2014parallel,
	author = {Eve Garnaud and Nicolas Hanusse and Sofian Maabout and Noel Novelli},
	title = {Parallel mining of dependencies},
	booktitle = {Proceedings of the International Conference on High Performance Computing {\&} Simulation {(HPCS)}},
	pages = {491--498},
	year = {2014}
}

@inproceedings{chen2019faketables,
	author = {Chen, Haipeng and Jajodia, Sushil and Liu, Jing and Park, Noseong and Sokolov, Vadim and Subrahmanian, V. S.},
	title = {FakeTables: Using GANs to Generate Functional Dependency Preserving Tables with Bounded Real Data},
	booktitle = {Proceedings of the International Joint Conference on Artificial Intelligence (IJCAI)},
	publisher = {International Joint Conferences on Artificial Intelligence Organization},
	pages = {2074--2080},
	year = {2019}
}

@inproceedings{dallachiesa2013nadeef,
	author = {Dallachiesa, Michele and Ebaid, Amr and Eldawy, Ahmed and Elmagarmid, Ahmed and Ilyas, Ihab F. and Ouzzani, Mourad and Tang, Nan},
	title = {NADEEF: A Commodity Data Cleaning System},
	booktitle = SIGMOD,
	year = {2013},
	pages = {541--552}
}

@inproceedings{raman2001potter,
	author = {Raman, Vijayshankar and Hellerstein, Joseph M.},
	title = {Potter's Wheel: An Interactive Data Cleaning System},
	booktitle = VLDB,
	year = {2001},
	pages = {381--390}
}

@inproceedings{marchi2003zigzag,
	author = {Marchi, Fabien De and Petit, Jean-Marc},
	title = {Zigzag: A New Algorithm for Mining Large Inclusion Dependencies in Databases},
	booktitle = {Proceedings of the International Conference on Data Mining (ICDM)},
	year = {2003},
	pages = {27--34}
}

@inproceedings{paulley1993exploiting,
	author = {Paulley, G. N. and Larson, Per-Ake},
	title = {Exploiting Uniqueness in Query Optimization},
	booktitle = {Proceedings of the Conference of the Centre for Advanced Studies on Collaborative Research: Distributed Computing},
	year = {1993},
	pages = {804--822}
} 

@inproceedings{blaesius2017the,
	author = {Thomas Bl{\"a}sius and Tobias Friedrich and Martin Schirneck},
	title = {The Parameterized Complexity of Dependency Detection in Relational Databases},
	booktitle = {Proceedings of the International Symposium on Parameterized and Exact Computation (IPEC)},
	year = {2017},
	pages = {6:1--6:13}
}

@inproceedings{gryz1998query,
	author = {Gryz, Jarek},
	title = {Query Folding with Inclusion Dependencies.},
	booktitle = ICDE,
	pages = {126--133},
	year = {1998}
}

@inproceedings{kohler2016sql,
	author = {K\"{o}hler, Henning and Link, Sebastian},
	title = {SQL Schema Design: Foundations, Normal Forms, and Normalization},
	booktitle = SIGMOD,
	pages = {267--279},
	year = {2016}
}

@inproceedings{chaudhuri1998an,
	author = {Chaudhuri, Surajit},
	title = {An Overview of Query Optimization in Relational Systems},
	booktitle = PODS,
	year = {1998},
	pages = {34--43}
} 

@inproceedings{casanova1988enforcing,
	author = {Casanova, Marco A. and Tucherman, Luiz and Furtado, Antonio L.},
	title = {Enforcing Inclusion Dependencies and Referencial Integrity},
	booktitle = VLDB,
	pages = {38--49},
	year = {1988}
}

@inproceedings{thalheim1989on,
	author = {Thalheim, B.},
	title = {On the number of keys in relational databases},
	booktitle = {Proceedings of the International Conference on Fundamentals of Computation Theory (FCT)},
	pages = {11--20},
	year = {1989}
}

@inproceedings{mannila1987dependency,
	author = {Mannila, Heikki and R\"{a}ih\"{a}, Kari-Jouko},
	title = {Dependency Inference},
	booktitle = VLDB,
	pages = {155--158},
	year = {1987}
}

@inproceedings{fagin1979normal,
	author = {Fagin, Ronald},
	title = {Normal Forms and Relational Database Operators},
	booktitle = SIGMOD,
	pages = {153--160},
	year = {1979}
}

@inproceedings{ilyas2004cords,
	author = {Ilyas, Ihab F. and Markl, Volker and Haas, Peter and Brown, Paul and Aboulnaga, Ashraf},
	title = {CORDS: Automatic Discovery of Correlations and Soft Functional Dependencies},
	booktitle = SIGMOD,
	pages = {647--658},
	year = {2004}
} 

@inproceedings{brown2003bhunt,
	author = {Brown, Paul G. and Hass, Peter J.},
	title = {BHUNT: Automatic Discovery of Fuzzy Algebraic Constraints in Relational Data},
	booktitle = PVLDB,
	pages = {668--679},
	year = {2003}
} 

@inproceedings{andritsos2004information,
	author = {Periklis Andritsos and Ren{\'{e}}e J. Miller and Panayiotis Tsaparas},
	title = {Information-Theoretic Tools for Mining Database Structure from Large Data Sets},
	booktitle = SIGMOD,
	pages = {731--742},
	year = {2004}
}

@inproceedings{deshpande1968on,
	author = {J. V. Deshpande},
	title = {On continuity of a partial order},
	booktitle = {Proceedings of the American Mathematical Society},
	pages = {383--386},
	year = {1968}
}

@inproceedings{abedjan2014detecting,
	author = {Ziawasch Abedjan and Jorge{-}Arnulfo Quian{\'{e}}{-}Ruiz and Felix Naumann},
	title = {Detecting unique column combinations on dynamic data},
	booktitle = ICDE,
	pages = {1036--1047},
	year = {2014}
}

@inproceedings{sismanis2006gordian,
	author = {Sismanis, Yannis and Brown, Paul and Haas, Peter J. and Reinwald, Berthold},
	title = {GORDIAN: Efficient and Scalable Discovery of Composite Keys},
	booktitle = PVLDB,
	year = {2006},
	pages = {691--702}
}

@inproceedings{cong2007improving,
	author = {Cong, Gao and Fan, Wenfei and Geerts, Floris and Jia, Xibei and Ma, Shuai},
	title = {Improving Data Quality: Consistency and Accuracy},
	booktitle = VLDB,
	year = {2007},
	pages = {315--326}
}

@inproceedings{ordonez2011onepass,
	author = {Ordonez, Carlos and Pitchaimalai, Sasi K},
	title = {One-pass data mining algorithms in a DBMS with UDFs},
	booktitle = SIGMOD,
	pages = {1217--1220},
	year = {2011}
}

@inproceedings{song2009discovering,
	author = {Song, Shaoxu and Chen, Lei},
	title = {Discovering Matching Dependencies},
	booktitle = CIKM,
	year = {2009},
	pages = {1421--1424}
}

@inproceedings{jentzsch2015uniqueness,
	author = {Anja Jentzsch and Hannes M{\"{u}}hleisen and Felix Naumann},
	title = {Uniqueness, Density, and Keyness: Exploring Class Hierarchies},
	booktitle = ISWC,
	year = {2015}
}

@inproceedings{abedjan2014profiling,
	author = {Ziawasch Abedjan and Toni Gr{\"{u}}tze and Anja Jentzsch and Felix Naumann},
	title = {Profiling and mining {RDF} data with ProLOD++},
	booktitle = ICDE,
	pages = {1198--1201},
	year = {2014}
}

@inproceedings{buneman2001keys,
	author = {Buneman, Peter and Davidson, Susan and Fan, Wenfei and Hara, Carmem and Tan, Wang-Chiew},
	title = {Keys for XML},
	booktitle = WWW,
	pages = {201--210},
	year = {2001}
} 

@inproceedings{fang2010splash,
	author = {Fang, Lujun and LeFevre, Kristen},
	title = {Splash: ad-hoc querying of data and statistical models},
	booktitle = EDBT,
	pages = {275--286},
	year = {2010}
}

@inproceedings{hempfing2019dynfd,
	author = {Philipp Schirmer and Thorsten Papenbrock and Sebastian Kruse and Felix Naumann and Dennis Hempfing and Torben Mayer and Daniel Neusch{\"{a}}fer{-}Rube},
	title = {DynFD: An Algorithm for Functional Dependency Discovery in Dynamic Datasets},
	booktitle = EDBT,
	pages = {253--264},
	year = {2019},
	keywords={own}
}

@inproceedings{fagin1984the,
	author = {Fagin, R. and Vardi, M.},
	title = {The theory of data dependencies -- an overview},
	booktitle = {Proceedings of the International Colloquium on Automata, Languages and Programming (ICALP)},
	pages = {1--22},
	year = {1984}
} 

@inproceedings{madhavan2001generic,
	author = {Madhavan, Jayant and Bernstein, Philip A. and Rahm, Erhard},
	title = {Generic Schema Matching with Cupid},
	booktitle = VLDB,
	year = {2001},
	pages = {49--58}
} 

@inproceedings{kang2003on,
	author = {Kang, Jaewoo and Naughton, Jeffrey F.},
	title = {On Schema Matching with Opaque Column Names and Data Values},
	booktitle = SIGMOD,
	year = {2003},
	pages = {205--216}
} 

@inproceedings{fan2008dependencies,
	author = {Fan, Wenfei},
	title = {Dependencies Revisited for Improving Data Quality},
	booktitle = PODS,
	year = {2008},
	pages = {159--170}
} 

@inproceedings{bohannon2007conditional,
	author = {Philip Bohannon and Wenfei Fan and Floris Geerts},
	title = {Conditional functional dependencies for data cleaning},
	booktitle = ICDE,
	pages = {746--755},
	year = {2007}
}

@inproceedings{dasu2002mining,
	author = {Dasu, Tamraparni and Johnson, Theodore and Muthukrishnan, S. and Shkapenyuk, Vladislav},
	title = {Mining Database Structure; or, How to Build a Data Quality Browser},
	booktitle = SIGMOD,
	year = {2002},
	pages = {240--251}
}

@inproceedings{kandel2012profiler,
	author = {Kandel, Sean and Parikh, Ravi and Paepcke, Andreas and Hellerstein, Joseph M. and Heer, Jeffrey},
	title = {Profiler: Integrated Statistical Analysis and Visualization for Data Quality Assessment},
	booktitle = {Proceedings of the International Working Conference on Advanced Visual Interfaces},
	year = {2012},
	pages = {547--554}
} 

@inproceedings{hellerstein2012the,
	author = {Hellerstein, Joseph M. and R{\'e}, Christoper and Schoppmann, Florian and Wang, Daisy Zhe and Fratkin, Eugene and Gorajek, Aleksander and Ng, Kee Siong and Welton, Caleb and Feng, Xixuan and Li, Kun and Kumar, Arun},
	title = {The MADlib Analytics Library: Or MAD Skills, the SQL},
	booktitle = VLDB,
	year = {2012},
	pages = {1700--1711}
}

@inproceedings{do2002coma,
	author = {Hong-Hai Do and Erhard Rahm},
	title = {{COMA} -- {A} System for flexible combination of schema matching approaches},
	booktitle = VLDB,
	year = {2002},
	pages = {610--621}
}

@inproceedings{powers1998applications,
	author = {Powers, David M. W.},
	title = {Applications and Explanations of Zipf's Law},
	booktitle = {Proceedings of the Joint Conferences on New Methods in Language Processing and Computational Natural Language Learning},
	year = {1998},
	pages = {151--160}
}

@inproceedings{casanova1982inclusion,
	author = {Casanova, Marco A. and Fagin, Ronald and Papadimitriou, Christos H.},
	title = {Inclusion Dependencies and Their Interaction with Functional Dependencies},
	booktitle = PODS,
	pages = {171--176},
	year = {1982}
}

@inproceedings{castro2018aurum,
	author = {Raul Castro Fernandez and Ziawasch Abedjan and Famien Koko and Gina Yuan andSamuel Madden and Michael Stonebraker},
	title = {AURUM: A data discovery system},
	booktitle = ICDE,
	year = {2018}
}

@misc{dbengines2017dbms,
	author = "{DB-ENGINES}",
	title = {DBMS popularity broken down by database model},
	howpublished = {\url{http://db-engines.com/en/ranking_categories}},
	note = {Online; accessed 21 February 2017} ,
	year = {2017}
}

@online{desbordante2022,
	author = {Desbordante},
	title = {Open-source data profiling tool},
	year = {2022},
	url = {https://desbordante.unidata-platform.ru/},
	urldate = {2022-09-19}
}

@online{viadotto2022,
	author = {Viadotto},
	title = {Make your data profitable with our next-gen data profiling tools},
	year = {2022},
	url = {https://www.viadotto.tech/},
	urldate = {2022-09-19}
}

